2134 3492
192 106 198 119 '
291 98 374 171 ΠΕ
416 96 630 170 AETNA.
831 118 899 186 ‘209

32 220 132 286 eorpus
146 205 267 286 vivens,
289 226 353 273 non
369 208 500 293 persalse
519 207 653 287 semper,
675 205 897 283 sedemisslse·

33 295 90 353 mel
106 291 206 357 animi
231 290 349 357 cellalle
374 290 511 368 diutuli,
541 292 616 355 dum
633 291 805 371 respiraret:
826 307 895 356 tum

33 372 60 433 se
74 378 191 454 copiam
209 377 343 441 intuendi
360 377 506 452 habuisse,
528 394 594 456 quae
611 379 701 439 vellet
723 390 730 433 :
759 394 832 438 mor
849 393 896 438 te·

32 454 140 533 spirasse
151 461 257 525 iterum
275 474 364 542 atque
378 462 486 523 iterum
517 461 579 540 pari
603 460 762 523 intervallo
783 455 895 539 usqqe·

33 550 143 632 quaque
165 561 173 606 :
203 544 316 608 interea
338 547 489 628 ingemere
506 544 584 606 intus
599 561 743 607 cavernas
760 542 893 619 auditas,

32 638 179 691 intremere
192 631 284 691 etiam
293 630 430 693 tonitruis
438 644 580 691 montem
591 626 644 691 sub
652 630 789 709 pedibus,
807 644 895 709 mag·

32 722 69 769 uo
83 708 110 773 lit
124 712 327 777 formidoloso
339 712 400 789 iis,
432 714 483 793 qui
500 711 648 782 aderant,
672 714 794 775 horrore
816 728 825 774 ε
853 728 891 773 ex

32 806 84 867 quo
97 795 169 859 illud
184 798 296 859 mirum
313 797 444 869 videtur,
466 792 550 877 qudd
566 798 692 876 quitum
701 795 832 878 strepitus
839 811 892 876 per

32 882 261 959 tranquillitatem
272 880 489 957 sentiebantur,
508 880 642 944 eorumi
657 880 893 947 nobisnihilau·

32 954 113 1025 litum
127 962 160 1027 sat
174 964 230 1043 ,in
244 976 327 1028 tanta
340 963 454 1043 ferocia
468 976 641 1029 ventorum.
672 1040 678 1047 ,

133 1112 828 1217 ,'Banauasarem‘s'

59 1268 134 1341 Illud
146 1279 219 1346 verb
227 1298 284 1347 uec
292 1280 442 1353 videatur,
459 1278 537 1359 Fili,
558 1298 657 1362 neque
671 1273 761 1361 plane
783 1274 882 1360 ipsum

32 1352 60 1417 2st
73 1363 204 1428 mirum:
232 1363 347 1429 constat
359 1366 461 1443 enlm,
483 1362 747 1446 quemadmodum
762 1361 886 1444 scripto·

32 1454 63 1501 res
76 1446 236 1526 tradidere,
256 1448 343 1512 simul
357 1468 430 1514 cum
445 1452 548 1533 ,ventis¹
557 1448 661 1532 &aaa
671 1450 808 1525 animam
824 1450 885 1512 ltn-

32 1532 147 1594 nutari:
175 1531 203 1597 dt
220 1550 282 1613 quo
296 1533 404 1612 flante,
424 1532 527 1597 fumos
543 1527 884 1618 taatdm'at'ttscaligines

32 1607 150 1695 exhalet,
171 1634 211 1680 eo
226 1624 375 1697 ponente,
395 1614 493 1681 modd
508 1635 594 1698 puras
608 1662 622 1703 ,ο
647 1610 745 1706 quq
759 1612 882 1677 craffio·

32 1705 62 1751 :es
83 1696 219 1764 flammas
244 1701 402 1776 emittere,
431 1720 486 1782 pro
510 1700 695 1785 surgentium
718 1699 880 1763 ventorum

33 1780 169 1871 luqlitare:
190 1784 355 1867 aliquandq
369 1785 462 1849 etiarn
478 1784 592 1849 eii'uudi
605 1796 752 1880 toqrentes
761 1783 879 1865 ignium

33 1860 92 1954 latai
107 1869 332 1949 exundatione,
361 1884 449 1948 prout
463 1868 540 1933 intra
556 1884 670 1933 monus
685 1867 798 1932 viscera
812 1867 880 1946 pin·

34 1954 80 2013 ,ura
93 1952 140 2013 vel
156 1953 245 2017 exilia
260 1952 446 2017 incrementa
461 1950 550 2032 sunt;
568 1971 635 2033 qua
647 1949 722 2019 cam
735 1948 816 2021 ,itese
825 1950 878 2016 ba·

34 2040 121 2113 eant,
150 2037 224 2099 illud
240 2037 332 2100 etiam
347 2034 428 2118 polle
444 2037 507 2100 fieri
524 2084 532 2112 ,
547 2034 687 2117 ,quis-est
702 2035 754 2116 qui
770 2049 876 2118 neget,

34 2112 151 2180 ariffimt
166 2120 254 2184 unius
270 2123 351 2183 venti
366 2116 435 2184 auri
450 2118 876 2199 eosstrepirusintramontem
927 2164 930 2170 -

35 2197 141 2287 mitari,
161 2205 219 2284 qui,
229 2207 279 2267 vel
293 2204 409 2269 furente
424 2207 519 2269 altero
533 2223 599 2272 uon
610 2217 722 2285 queant
737 2200 751 2265 ?
792 2203 876 2272 Non

37 2290 91 2344 nun
104 2287 196 2365 quim
211 2289 313 2368 perflet
328 2287 424 2370 quid,
454 2286 505 2352 sed
521 2288 615 2369 quim
631 2289 726 2371 intret
734 2287 766 2351 in
782 2308 875 2356 mon·

36 2375 85 2441 ²¹11,
106 2373 258 2453 quamque
273 2371 308 2435 se
316 2372 347 2434 in
364 2382 508 2437 cavernas
522 2373 603 2436 illius
616 2364 873 2455 ,lnqaaaise‘rra

36 2444 144 2535 timet,
165 2454 206 2519 est
222 2454 428 2537 speetaadum.
451 2494 459 2533 ,1
587 2493 590 2499 ·
616 2486 621 2497 ¹
643 2466 663 2504 :r
680 2466 753 2506 rvr.-
771 2485 796 2501 ’Ν
848 2480 877 2513 ’·ι

167 2620 406 2695 Beuuus
449 2596 749 2689 Fretum-2..
816 2637 854 2676 ·.

45 2757 118 2855 lntra
140 2773 285 2849 montem
305 2748 395 2855 igitur
406 2750 464 2853 lu,
494 2774 653 2854 tamquam
673 2772 751 2837 lutra
764 2770 868 2854 pedus

38 2858 213 2931 lenam-fic
231 2857 326 2935 accipi
342 2860 380 2931 ab
395 2856 492 2923 AEtna
507 2870 615 2935 ventos
630 2871 739 2938 putas,
758 2861 867 2939 quibus

39 2936 161 3081 ὦῐηῖιοάὸ
175 2941 264 3027 spirat
283 2941 413 3034 leuiter,
442 2938 542 3041 qnodb
563 2939 774 3053 vehementius
791 2944 867 3047 inci·

239 3118 241 3127 .
431 3094 467 3131 ;.
541 3094 745 3140 wamia,
821 3106 825 3118 ·

1026 185 1028 268 l
