2134 3492
206 88 606 165 ,DE'AETNu
819 112 889 182 ιη

31 198 173 268 teruallo
187 191 350 263 intermiffa
368 209 533 269 revocaret.
576 199 667 269 lratu
683 218 766 264 nunc
784 204 889 287 gravia

32 294 57 352 la
72 281 282 365 Philosophiae
297 280 411 361 studln,
431 282 540 363 quibus
553 280 682 363 quidem
695 281 775 350 certe
782 284 814 348 id
821 303 892 348 nm·

32 392 44 435 e
59 383 188 448 tempus
202 365 281 433 soles
299 411 310 445 ‚
332 366 417 449 quod
432 365 485 429 tibi
500 384 552 446 per
566 366 786 446 rempublicam
803 370 891 445 licet,

32 452 185 535 npertire,
207 448 317 515 melitis
331 453 424 515 etiam
439 449 555 516 inbellis
562 449 643 512 hisce
651 450 894 515 levioribuscon·

32 537 127 601 lenda
145 536 319 599 remitteres.
363 531 402 599 Et
416 532 541 617 quidem
558 534 628 597 licet
645 530 779 598 maxime
794 538 844 634 vel
861 535 894 598 in
1030 541 1031 544 ’

32 618 175 689 loniann
190 618 326 685 fabulari.

204 782 714 869 BnunurPtrnm

52 910 143 982 Sanc
156 910 282 997 quidem
301 911 393 990 licet,
420 910 497 983 dunt
511 910 587 978 illud
602 924 706 985 tumen
721 911 839 994 semper
853 911 900 979 ις.

32 1015 144 1077 eatur,
166 1012 200 1063 ut
215 1009 317 1063 cereto
332 995 446 1093 remige
462 994 598 1076 Sirenes,
620 996 704 1078 qnod
719 998 813 1079 ajunt,
859 996 904 1070 Et

33 1080 159 1159 tofefflt
174 1081 269 1147 Poc'ta
282 1080 342 1145 elle
356 1077 584 1165 supreptiffimps
603 1099 775 1162 numquam
795 1079 904 1165 Ulyffi,
1033 1079 1034 1082 ’

33 1162 223 1245 onccfliffet,
243 1182 339 1247 quem
353 1162 614 1247 prudentifftmum
630 1163 845 1246 semperfrcit‚
865 1177 904 1237 ut

32 1250 167 1317 iirenum
189 1261 295 1314 cantus
318 1240 459 1329 andiret3
500 1248 555 1312 nist
569 1249 671 1313 liceret
694 1249 787 1314 etiam
802 1250 901 1335 gravi·
1034 1289 1035 1330 ι

32 1333 901 1415 tusacstpientibusviris‚quorumtameninnumerome
1034 1359 1035 1362 ¹

32 1436 88 1483 ton
102 1436 194 1503 pono
211 1464 221 1497 ‚
242 1414 344 1481 minus
359 1415 439 1479 seriis
453 1413 551 1480 adello
565 1416 719 1485 interdum
735 1419 822 1483 rebus
837 1461 847 1494 ‚
868 1416 899 1482 dr

32 1503 105 1568 usus
120 1516 241 1585 captare
257 1518 321 1566 nou
334 1497 413 1565 adet
428 1499 549 1565 severos
564 1520 575 1580 ;
601 1501 700 1565 modu
715 1520 754 1565 ne
769 1503 901 1587 remiges
1035 1513 1036 1552 1

32 1587 177 1667 rudiunt,
203 1588 264 1650 hoc
279 1583 344 1663 est,
376 1601 416 1647 ue
435 1581 536 1647 sensus
550 1597 670 1664 pateant
684 1586 902 1666 voluptatibus,
1035 1591 1036 1594 ’

32 1668 183 1749 quibus-dt
197 1669 407 1735 demulcentur
422 1666 473 1748 ipli
489 1666 625 1748 semper,
646 1666 694 1744 dt,
715 1668 769 1733 nist
786 1670 903 1733 ratione
1036 1735 1037 1756 ἶ

33 1754 143 1820 uccluli
158 1753 238 1833 fine,
258 1750 333 1834 saepe
348 1750 442 1816 ctiam
456 1748 602 1817 facillime
609 1753 776 1835 capiuntur.
806 1750 904 1899 qu⁰d

33 1838 79 1900 tibi
94 1837 157 1904 else
171 1837 346 1903 iaciendum
361 1839 395 1899 iu
409 1836 472 1898 vita
486 1831 621 1901 maxime
636 1836 753 1921 semper
766 1855 825 1902 een
838 1854 878 1900 eo
893 1878 904 1915 ,

33 1916 150 1987 Bentbe
167 1921 240 1987 Fili:
264 1918 399 1985 namnisr
410 1932 440 1983 te
454 1919 496 1985 ita
508 1918 696 2000 informeris,
717 1937 750 1988 ut
767 1922 908 2002 volupta-

34 2016 99 2070 tum
112 2005 263 2071 illecebris
279 2004 419 2068 rnimum
433 2000 618 2087 impervium
632 2023 734 2091 geret,
753 2022 820 2070 nnn
835 2002 907 2087 pos·

34 2085 101 2154 sum
114 2090 216 2156 dicere
229 2131 240 2166 ,
262 2086 357 2170 quim
372 2088 477 2153 multu
489 2086 544 2161 tini
559 2106 720 2161 occurrent
732 2089 844 2173 speeies
856 2106 909 2155 ct·

34 2190 122 2253 rum,
141 2192 210 2257 que
222 2185 253 2236 te
271 2190 336 2237 non
351 2170 577 2243 adolescentem
591 2172 705 2255 modu,
723 2188 906 2252 ntesnnuc,

35 2254 208 2324 demulcere
223 2252 372 2339 puffint&
387 2253 513 2329 delinire
529 2300 540 2335 ‚
569 2274 606 2326 ac
614 2253 683 2337 jtm
696 2259 791 2327 etiem
804 2257 909 2323 debel·
998 2253 1003 2261 “

37 2337 95 2405 lare
113 2340 145 2407 dt
162 2342 343 2414 devincere,
363 2338 414 2412 std
432 2336 628 2422 plaudetlrm
651 2344 761 2410 virum.
803 2340 909 2423 ltaque

38 2420 94 2487 illis
109 2440 162 2491 aut
176 2425 409 2510 magnanimiter
423 2424 635 2507 imperandum
648 2426 708 2505 cll,
727 2424 812 2509 quod
824 2424 908 2491 fece·

40 2521 106 2572 runt
122 2510 179 2573 viri
193 2526 303 2575 omues
318 2508 447 2593 magni,
475 2507 613 2585 (raboni,
633 2508 663 2572 dc
681 2510 719 2589 ii,
741 2528 819 2591 quos
839 2528 912 2591 pro·

41 2605 138 2667 pterea
152 2590 240 2659 Deos
254 2592 347 2677 etiam
361 2595 585 2673 appellaverunt
599 2609 608 2656 t
639 2595 690 2657 vcl
704 2596 836 2659 omnino
850 2608 918 2665 ture

41 2674 112 2751 piter
128 2674 358 2743 deserviendum
376 2693 384 2738 :
406 2676 516 2757 inquo
531 2676 656 2756 quidem
670 2691 704 2742 tu
715 2679 761 2757 3li
784 2696 835 2742 me
855 2697 912 2741 an-

42 2756 119 2840 dies,
141 2780 206 2827 non
218 2760 415 2835 committes,
437 2774 471 2823 nr
485 2756 597 2838 rejeut
618 2757 804 2846 continentid
825 2775 915 2843 atquc

43 2838 105 2921 ipso
120 2863 226 2911 rmore
240 2844 371 2925 virtutis,
390 2861 427 2909 ex
440 2844 566 2910 illorum
580 2843 617 2910 fis
629 2864 733 2933 grege,
753 2846 914 2929 dequibus

45 2926 180 3005 preclare
194 2928 357 2997 Horatius:

794 3091 809 3211 A,
856 3133 918 3201 Nos
