2134 3492
151 126 212 176 ιιι
334 94 597 171 P.BEMBI
641 98 846 168 LIBER

136 214 226 273 'vivit
239 206 315 291 ipsa,
336 198 425 287 utque
442 208 458 270 ὲ
473 207 579 271 mundi
596 206 700 271 anima
714 207 980 283 vuamuranens.
1001 212 1036 273 ub

143 295 261 359 eadem
289 294 395 359 mundi
422 294 526 355 anima
552 307 634 356 extra
661 293 802 373 intrdqrre
831 294 1036 373 perlustratur.

154 379 215 445 Sed
240 381 271 441 in
292 379 380 441 omni
395 380 499 439 tellure
516 374 652 455 nuspiam
668 373 806 455 majores
820 376 964 453 fistulae‚
990 392 1039 439 ιιιιι

155 477 271 526 meatus
286 464 447 541 ampliores
463 459 528 521 sunt
543 504 553 535 ,
573 457 667 537 quim
682 458 716 521 iis
732 460 765 522 in
778 461 885 536 locis,
904 479 980 539 quae
994 464 1039 521 ves

155 547 231 609 mari
259 546 359 607 vicina
390 544 479 619 sunt,
507 545 557 604 vel
579 542 595 602 i
616 544 693 605 mari
709 558 859 621 protenus
876 544 1040 607 adluntur:

156 648 231 693 nam
246 628 320 693 cum
335 627 433 693 exedit
448 627 565 706 semper
578 643 678 704 mare,
698 625 931 709 consumitque
938 629 1041 708 suopte

49 780 51 785 ,
155 710 298 777 contadu
313 713 422 792 suique
440 708 542 773 nuturd
557 710 686 783 omnia,
710 725 778 773 tum
795 726 912 775 autem
931 712 954 777 fi
977 732 1041 792 par·

78 834 80 846 ·
157 811 221 861 tem
244 796 285 859 est
307 794 432 859 undum
453 796 588 873 aliquam
604 794 811 871 debiliorem,
833 798 1043 875 membraque

158 879 316 958 nonffladeu
326 878 443 943 robusta
458 881 572 951 telluris
587 922 597 948 ‚
622 876 719 942 erodit
741 879 796 949 illa
811 878 926 942 multu
941 879 1046 944 facilli-

158 961 233 1045 me,-
250 965 401 1047 pergitque
415 964 446 1024 in
460 960 573 1025 viscera
587 959 649 1042 ipsa
662 976 815 1042 quantum
831 962 940 1042 potest
957 982 968 1026 ε
996 964 1046 1025 in·

159 1066 220 1130 que
235 1045 308 1111 edm
330 1048 363 1111 in
385 1048 484 1109 aliena
502 1064 594 1129 regna
614 1044 665 1109 fibi
691 1046 773 1108 viam
797 1044 917 1122 faciat,
949 1048 1045 1109 vernis

155 1133 254 1196 ‘eriam
268 1130 339 1213 fucit
360 1146 368 1190 ε
403 1150 438 1193 rx
454 1148 517 1209 quo
531 1130 579 1205 fir,
602 1141 634 1190 ιιι
650 1130 721 1193 loca
735 1146 871 1209 quaeque
888 1132 1046 1195 maritima

160 1211 297 1293 marim&
308 1230 388 1280 terrae
405 1214 539 1277 motibus
552 1209 682 1291 subjeda
696 1212 776 1290 sut,
805 1232 927 1293 parum
948 1214 1044 1279 medi·

160 1296 306 1364 'terranem
348 1290 478 1378 Qubdsr
495 1298 587 1359 etiam
602 1299 635 1359 in
648 1295 765 1361 sulfuris
779 1316 883 1361 venas
899 1301 989 1362 venti
1002 1297 1044 1361 su·

162 1397 260 1446 rentes
273 1380 448 1457 inciderint,
471 1394 538 1443 tum
552 1378 691 1442 incendia
704 1379 879 1445 excitantur
894 1380 1043 1446 sanenou

163 1466 321 1530 difficulter
343 1482 359 1539 :¹
379 1470 527 1547 quoniam
543 1462 572 1527 δι
589 1464 620 1526 in
635 1461 744 1527 sulfure
758 1466 969 1543 concipiendi
983 1485 1044 1546 pet·

99 1578 101 1583 ·
164 1568 277 1635 magna
292 1549 368 1635 ignis
382 1550 427 1612 vis
440 1546 530 1626 inest,
550 1546 670 1610 &venti
684 1549 777 1612 etiam
792 1550 903 1613 aliena
916 1549 1044 1613 succcu-

165 1634 241 1697 dunt
256 1633 285 1696 ri
301 1632 362 1698 sud.
400 1631 477 1696 Haec
497 1634 602 1695 autem
623 1645 657 1694 ru
679 1644 712 1695 ut
733 1633 766 1695 in
778 1630 887 1697 AEtna
902 1634 1042 1699 accident

164 1718 288 1797 omniu,
307 1717 395 1782 vide:
417 1717 547 1798 quippe,
575 1729 609 1777 ut
624 1714 722 1778 modi>
736 1729 800 1779 tute
815 1716 922 1781 dixisti
938 1765 951 1797 ,
979 1736 1041 1799 quc

164 1821 249 1866 mare
264 1805 296 1867 in
310 1801 457 1868 radicibus
470 1802 592 1876 habeat,
612 1817 679 1879 quae
693 1798 897 1878 sulfureum,
918 1822 989 1884 quae
995 1820 1042 1866 ca·

163 1884 318 1965 vernosa;
352 1886 403 1949 seu
428 1884 510 1966 qudd
534 1881 639 1946 naturd
662 1883 703 1946 ita
716 1883 805 1946 fuerit
819 1882 949 1967 semper
969 1884 1042 1965 ipsc,

164 1968 216 2033 seu
232 1969 314 2050 qudd
331 1969 345 2031 i
362 1972 440 2033 muri
461 1966 626 2049 aliquando
649 1965 798 2048 perforata
814 1985 935 2035 ventos
949 1969 1042 2034 admi·

164 2052 233 2116 serit
249 2052 425 2135 aesiuantes,
453 2070 503 2133 per
518 2069 597 2133 quos
619 2050 730 2113 idonea
744 2051 888 2116 flammae
905 2054 1042 2119 materies

164 2136 382 2201 incenderetur.
423 2134 525 2200 Habes
533 2134 621 2198 'unde
632 2134 772 2198 incendia
784 2136 1044 2205 orianturffimae

165 2231 223 2281 ruae
247 2236 255 2280 τ
289 2222 364 2284 habe
377 2238 460 2285 nunc
481 2217 643 2301 quomodd
659 2218 751 2281 etiam
768 2234 837 2283 ortu
852 2222 1041 2301 perdurent:

53 2327 54 2339 ι
166 2303 284 2384 inquo
306 2304 431 2383 quidem
455 2311 531 2366 noso
554 2320 612 2385 ego
635 2318 665 2365 tc
680 2301 755 2365 illud
770 2303 941 2387 admirari,
961 2304 1039 2386 quod

15 3365 152 3439 h„

165 2390 276 2472 vulgus'
282 2387 375 2465 solet,
396 2406 544 2471 magnum
552 2384 1036 2464 erse‚sci1icer‚ranrasflammas‚

167 2484 232 2534 tam
241 2472 413 2536 immensos
428 2472 510 2555 ignes
518 2470 582 2551 post
590 2471 753 2533 hominum
761 2476 959 2538 memoriam
966 2474 1039 2536 sem·

169 2572 220 2637 per
235 2556 388 2639 habuisse,
417 2574 480 2635 quo
494 2558 643 2619 alerentur
664 2572 672 2616 :
698 2554 831 2634 quidest
855 2559 948 2621 euim
964 2572 1039 2637 mag·

170 2652 247 2702 num
260 2642 309 2719 ipsr
330 2638 471 2723 magistrae
486 2658 586 2701 rerum
601 2640 744 2701 omnium
757 2651 853 2719 atque
866 2642 980 2706 artifici
994 2658 1036 2701 nr

169 2723 269 2786 ruraei
295 2726 380 2806 Quid
395 2721 550 2787 arduum?
577 2721 662 2803 Quid
683 2723 736 2785 ilia
749 2722 884 2788 tandem
905 2744 973 2788 nou
992 2740 1035 2803 pu

170 2808 225 2869 rest
239 2807 263 2889 ij
278 2802 364 2891 §Qui-
374 2808 468 2873 stellas
484 2854 494 2887 ‚
514 2809 565 2888 qui
582 2805 705 2887 solem,
725 2807 779 2887 qui
793 2808 871 2871 coeli
890 2824 1035 2874 convers,

172 2891 329 2978 qui-ternus
344 2909 454 2972 nmnes
468 2910 505 2955 ac
518 2893 636 2966 marin,
665 2891 718 2971 qui
740 2892 904 2956 mundum
918 2892 1035 2969 denique

172 2971 292 3057 ipsum,
303 2994 375 3055 ¹quo
390 2976 466 3055 nihii
479 2974 524 3037 est·
531 2976 739 3052 admirabilius
753 3019 763 3050 ‚
784 2978 839 3039 vel
852 2976 959 3057 potiris
971 2992 1033 3039 erm

173 3064 266 3133 quem
281 3058 427 3138 nisinen,
449 3060 533 3141 quod
543 3058 722 3141 udmireris,
742 3059 821 3143 saepe
837 3061 906 3127 nne
919 3062 1032 3157 admi*

354 3166 356 3172 ¹
532 3176 536 3183 ·
973 3158 1033 3211 none
