2134 3492
126 80 136 123 )

160 177 161 180 Ν
401 83 543 152 PRAE
562 83 590 150 n
611 50 642 152 n
661 79 696 150 ‘r
714 83 729 150 1
749 81 793 150 o.
875 82 880 87 ·

164 203 230 252 rum
243 182 482 273 circumstarent,
502 190 596 276 quales
615 190 695 253 trade
709 193 741 253 r'a
756 186 933 273 Scholasticis.
980 183 1060 254 1.ἰῆ

164 272 258 358 quebr't
268 271 315 338 hor
331 295 369 336 ex
384 280 453 337 notis
466 275 569 358 nostrie.
1059 271 1060 304 ³

205 355 298 440 Nicri.
314 357 446 436 Heinfiur
465 363 547 422 initio
565 341 750 423 animuin-ad
761 351 893 441 Elegiae
905 360 941 420 r'rr
954 377 1045 421 mor-
1059 391 1060 460 3

247 453 304 504 tem
319 440 416 519 Drufi.

111 531 113 534 ’
161 521 356 591 Po'e'matium
371 527 430 591 hoc
445 571 458 602 ,.
473 526 623 607 quantivis
637 524 744 606 pretii,
774 478 948 608 &dignum
966 522 1044 591 Ge·

41 654 53 683 ,
161 607 217 672 nio
231 628 268 674 ac
282 610 435 690 majestate
452 609 549 674 saculi
564 609 601 674 N
602 608 737 673 asoniani
752 609 805 690 qui
823 611 937 689 primus
950 613 1043 675 eruit
1059 609 1060 697 i

163 687 347 772 mereins,
369 714 416 757 naa
436 695 487 758 ille
509 693 561 756 infi
604 691 838 757 emehesanmm
853 692 950 756 ufibus
976 712 1042 774 pu-

163 775 248 838 blicis
270 777 311 842 est
333 779 463 862 largitus.
504 773 550 839 Pe
602 796 647 837 em
667 773 879 838 Albinovanum
892 773 964 854 ejus
982 798 1060 846 aun

36 924 41 942 ,
161 855 279 924 &orem
292 859 414 946 Scaliger
427 861 537 941 aliique
549 859 742 933 constituunt.
780 857 867 942 Ego,
880 857 932 923 etfi
951 863 1040 925 nihil
1058 892 1060 968 p

159 941 273 1016 temere
286 944 417 1010 adfirmo
436 989 446 1020 ,
475 944 580 1010 videor
601 959 706 1009 tamen
720 942 795 1006 mihi
810 960 875 1006 non
890 946 1040 1010 omnino
1059 973 1060 1031 p

158 1021 246 1102 falli,
266 1030 319 1108 qui
335 1026 443 1108 Nasoni
457 1028 538 1092 hnne
557 1027 669 1092 foetnrn'
690 1025 769 1091 hand
784 1023 843 1090 effe
857 1024 1041 1092 adscriben-
1059 1035 1060 1096 3

159 1106 235 1172 dum
256 1113 385 1177 arbitrer.
428 1110 657 1192 Inscriptionem
671 1109 734 1189 ejus
762 1154 772 1187 ‚
810 1126 904 1190 qoam
919 1112 1038 1189 primae
1059 1099 1060 1188 d

158 1189 350 1258 editiones&
366 1195 463 1276 scripti
472 1195 604 1258 Codices
615 1196 783 1257 constanter
796 1191 971 1274 agnoscunt
980 1197 1038 1259 ad·
1059 1193 1060 1246 i

158 1277 339 1342 mittendam
352 1277 422 1342 duxi
442 1323 452 1356 ,
478 1278 530 1342 nist
548 1276 632 1359 quod
647 1277 729 1339 iniis
747 1277 786 1340 ad
807 1273 953 1339 Ovidium
979 1284 1038 1342 au·

33 1401 36 1408 f
158 1355 275 1436 ¹{iorem
292 1363 354 1430 haec
370 1359 474 1446 Elegia
489 1360 612 1426 refertur
629 1405 638 1438 ,
666 1357 741 1423 crim
758 1359 796 1422 ad
812 1360 908 1424 alium
920 1361 1037 1440 potiris
1059 1365 1060 1434 i

127 1588 129 1591 .
154 1527 280 1605 quidem
288 1533 416 1592 'carmen
430 1525 522 1610 longia
534 1524 799 1610 prostantiffimom
815 1524 948 1610 indignis
959 1545 1039 1594 mo·

156 1446 297 1522 quemvis
311 1446 435 1508 illorum
458 1458 630 1525 temporum
646 1445 768 1523 poe'tam
784 1441 929 1507 debuerit.
980 1444 1037 1510 Est
1059 1437 1060 1518 d

157 1609 203 1672 dis
219 1625 377 1692 acceptum
386 1634 401 1691 ,’
415 1631 466 1696 per
482 1613 671 1676 librariorum
687 1609 876 1675 oscitantiam
897 1630 908 1686 ;
934 1614 1037 1676 nobis

79 1755 80 1758 ,
156 1703 262 1757 tamen
276 1698 323 1760 vel
338 1695 378 1758 fic
391 1715 469 1760 cura
484 1697 555 1774 erit,
576 1709 610 1770 ut
624 1692 779 1774 aliquanto
793 1693 992 1758 emendatius
999 1698 1036 1762 in

154 1775 307 1856 posterum
317 1782 433 1864 degatur
449 1803 459 1859 ;
478 1797 668 1863 quamquam
689 1780 721 1841 in
735 1778 814 1841 libris
828 1776 954 1848 vetustis
970 1784 1037 1843 mi·

153 1859 277 1926 nimrim
291 1863 411 1945 praesidii
425 1864 490 1928 fuit.
530 1863 675 1946 Quorum
689 1879 786 1925 unam
800 1858 930 1939 Rome,
943 1865 1035 1944 apud

153 1946 314 2025 amicum,
336 1948 416 2020 vidi;
437 1946 603 2014 seeundum
618 1945 644 2012 F
646 1946 778 2016 lorentiae
793 1987 803 2021 ,
825 1944 858 2006 in
871 1941 1036 2018 Medicea
1059 2009 1060 2018 ,

153 2022 351 2094 Bibliotheca.
392 2028 515 2094 Tertius
539 2029 570 2092 dt
583 2043 703 2110 quartus
717 2024 810 2108 penita
825 2044 877 2090 me
889 2027 1035 2109 exstant,
1059 2025 1060 2100 d

153 2111 286 2192 quorum
303 2117 398 2179 altero
419 2113 541 2178 heredes
558 2110 723 2182 Combiani
740 2110 874 2173 Veneriis
897 2129 954 2174 me
971 2114 1035 2176 do·
1059 2101 1060 2182 d

154 2210 331 2273 naverunt,
365 2201 459 2261 altero
482 2199 527 2259 vir
549 2192 741 2259 amiciffimns
762 2191 865 2261 Lucas
885 2190 1037 2280 Langen·
1059 2199 1060 2231 ³

153 2295 301 2359 mannus,
321 2279 457 2363 Neapoli
472 2277 599 2344 adveiio
649 2277 771 2342 Omnes
782 2276 847 2358 post
860 2278 1036 2346 inventam

153 2376 250 2428 artem
264 2366 506 2448 typographicam
520 2363 653 2438 exarati,
679 2359 709 2424 dr
722 2378 774 2442 per
787 2362 897 2432 omnia
909 2379 1035 2443 prope-

153 2446 285 2512 modum
299 2443 820 2530 primiseditionibnsrespondentes,¹
840 2462 916 2523 quas
924 2447 1035 2511 etiam
1059 2455 1060 2492 i

150 2528 289 2614 religiose
300 2531 517 2597 consuluimus.
538 2529 662 2594 Interim
674 2529 749 2601 dum
762 2527 1036 2610 sobfidiamajoris

151 2615 305 2679 momenti
316 2615 617 2694 circumspiciuntur,
636 2612 792 2674 videamus
812 2611 831 2674 fi
848 2611 922 2694 quid
945 2632 1037 2687 con·

151 2697 220 2761 ferri
243 2697 259 2762 i
281 2699 368 2764 nobis
390 2697 505 2780 poffit,
532 2697 571 2761 ad
585 2695 781 2791 detergendos
803 2713 938 2771 navos,
965 2700 1032 2776 qui
1059 2724 1060 2787 p

149 2779 267 2862 Scripto
282 2784 484 2864 pulcherrimo
498 2800 562 2846 non
578 2782 665 2861 pauci
679 2780 848 2843 etiamnum
855 2778 1034 2847 adhaerent.
1059 2799 1060 2868 i

149 2863 189 2928 ln
202 2866 237 2930 iis
252 2875 354 2931 antem
369 2865 560 2948 indagandis,
581 2860 845 2946 quemadmodum
860 2881 930 2926 non
943 2882 1032 2928 om·
1059 2875 1060 2902 i

12 2968 16 2975 ·
130 2957 133 2963 ’
148 2947 226 3013 nino
241 2948 399 3016 infeliciter
412 2949 518 3014 versati
531 2947 650 3012 sumus:
672 2947 713 3010 ita
728 2943 910 3026 conjetturae
923 2947 1033 3012 inter·
1059 2959 1060 3034 i

144 3029 221 3095 dum
244 3034 332 3098 nobis
353 3034 422 3101 sunt
443 3033 598 3109 subnata,
618 3049 693 3111 quas
715 3028 878 3115 Scaligm,
900 3027 1032 3112 ΜΦ,
1059 3055 1060 3096 i

145 3112 305 3202 augusto,
320 3118 386 3187 aliis
408 3117 441 3182 in
455 3127 594 3186 mentem
618 3131 688 3192 anre
715 3132 773 3179 noa
789 3111 902 3179 reniffe
922 3112 1033 3210 seritis
1058 3105 1060 3142 ¹

946 3215 1041 3264 cum
1059 3225 1060 3256 r
