2134 3492
125 122 190 183 '²20
246 143 248 147 ¹
304 111 341 180 P.
384 107 608 189 BEMBI
654 104 855 178 LIBER

126 222 187 285 rint
200 218 329 301 plurima
343 216 376 281 in
391 216 525 291 noslram
540 215 623 279 dicut
643 229 652 277 :
683 214 826 296 quodam
842 214 879 281 se
893 215 1008 283 immu-

124 300 277 380 taverint,
306 303 409 384 aliqua
426 303 521 365 ctiam·
533 302 625 363 allata
639 296 694 361 fint
708 317 793 365 uota
814 318 824 364 ε
854 319 954 380 nam,
971 316 1006 365 ut

124 404 224 453 cetera
238 388 404 464 omittam,
433 382 516 466 quod
530 380 667 447 cinerosa
679 383 790 463 partim
804 384 871 449 effe
885 384 1007 449 summa

124 472 286 537 eacumina
300 472 436 535 dixerunt
457 511 466 544 ,
497 466 562 547 ejus
583 467 626 529 rei
649 484 732 530 nunc
747 467 917 551 vestigium
938 473 1004 532 nul·

121 557 191 619 lum
207 570 343 635 apparet:
364 552 439 627 cinis
454 553 539 621 eninr
552 594 562 628 ,
576 550 628 631 qui
644 563 734 630 queat
747 554 890 633 conspici
908 600 920 632 ,
940 568 1004 616 roro

93 658 99 687 ι
126 652 235 703 monte
252 641 353 701 nullus
368 634 410 699 est
431 652 439 697 :
468 653 568 715 neque
582 635 612 698 id
627 648 731 696 tamen
746 640 904 701 omnibus
919 639 1004 702 anuis

125 724 182 786 suit
204 737 212 782 ι
240 740 314 785 nam
330 722 498 785 multorum
521 716 696 782 testimonio
717 722 927 801 accepimus,
956 722 1006 800 qui

126 805 288 888 viderunt,
317 804 403 869 aunis
420 802 528 867 abhinc
550 801 746 885 quadraginta
759 815 869 870 tantos
883 823 925 868 ex
940 803 1007 869 AEr·

128 907 169 952 na
188 889 302 962 cineres
316 886 470 963 evolasse,
493 900 526 949 ut
541 904 592 965 per
606 899 704 961 totam
718 903 791 949 eam
808 887 923 959 insulae
942 906 1006 968 par·

126 987 208 1049 tem,
220 991 295 1055 -qua
309 970 347 1035 ad
362 971 504 1035 Pelorum
517 968 622 1049 jacet,
638 987 767 1032 omnem
782 975 899 1052 oleam
913 971 1005 1035 abtin

126 1061 214 1129 ierint
236 1074 244 1120 :
274 1073 327 1119 eos
349 1056 441 1119 etiam
463 1056 495 1117 in
514 1055 631 1127 ltaliam
653 1053 750 1121 ventis
771 1053 947 1121 ferentibus
966 1059 1006 1117 la·

127 1155 176 1204 tos
207 1192 209 1199 ,
227 1137 289 1204 Sed
304 1156 336 1203 ut
350 1138 388 1202 ad
403 1138 489 1215 nives
500 1137 566 1201 illas
581 1134 759 1212 redeamus,
780 1138 919 1213 addebat
927 1139 1005 1203 idern

129 1220 277 1289 Urbanus
291 1267 301 1301 ,
315 1220 467 1297 ¹Calendis
481 1220 578 1301 Juniis
593 1218 794 1289 adscendente
815 1220 867 1299 se,
892 1225 1007 1307 largiter

128 1307 307 1385 abundeque
323 1304 446 1368 ninxilie
467 1320 475 1365 :
504 1319 572 1377 tum
593 1304 719 1381 iterum,
760 1305 815 1385 qui
828 1307 900 1372 dies
920 1308 1005 1388 septi·

128 1408 197 1455 mus
212 1389 300 1453 fiterit
315 1388 379 1470 poll
395 1407 467 1451 eum
483 1387 584 1467 diem,
605 1388 678 1461 dum
693 1386 754 1468 ipse
768 1386 926 1456 Randarii
942 1411 1006 1455 mo

129 1486 266 1551 iuretur„
296 1490 346 1537 eo'
360 1471 408 1536 die
425 1472 458 1537 iu
472 1471 645 1540 universam
657 1485 847 1565 montanam
866 1480 1003 1559 plagam,

128 1558 214 1625 nives
227 1554 289 1621 sere
304 1560 335 1623 in
350 1556 433 1637 pedis
446 1555 637 1631 altitudinem
649 1553 835 1630 descendisse
853 1578 867 1637 ;
890 1561 925 1623 iu
946 1578 1004 1641 quo

130 1643 195 1724 ipso
224 1642 294 1707 licet
318 1641 481 1713 Pindarum
496 1638 664 1720 suspicere,
691 1636 763 1731 sciti
790 1658 1006 1727 cognomento

131 1728 244 1801 usum,
261 1728 325 1806 1ςιιί
348 1723 478 1801 AEtnam
507 1725 627 1802 nivium
654 1725 807 1787 nutricem
836 1730 1003 1809 appellarit.

129 1812 205 1894 Quo
225 1812 316 1874 latere
333 1807 425 1873 subest
443 1806 579 1888 Catina,
620 1804 719 1871 medii
733 1804 798 1879 fere
812 1808 896 1875 iuter
912 1812 1004 1893 ipsam

133 1898 328 1965 &cacumen
347 1894 492 1977 regione,
513 1890 679 1970 puriffimus
708 1889 737 1954 dr
764 1895 912 1971 perennis
939 1896 1006 1960 fons

132 1978 262 2058 erumpit
277 1975 395 2053 Dorico
410 1973 860 2055 voeabploCrana-abzincolis
876 1983 1006 2061 appella·

130 2075 190 2125 tus.
218 2059 364 2126 Ceterum
377 2073 445 2123 toto
462 2075 569 2124 monte
585 2060 669 2141 supra
683 2057 796 2122 radices
812 2065 911 2125 nulla
924 2083 1006 2145 aque

18 2154 20 2159 '
132 2144 223 2224 sunt,
242 2146 302 2207 nisu
312 2162 378 2225 quae
392 2146 441 2207 vel
458 2160 496 2221 eu
508 2145 626 2222 niuibus
640 2156 811 2218 emamnla
837 2146 931 2227 cujus
944 2151 1006 2229 qni·

133 2229 207 2293 dem
218 2229 260 2293 rei
274 2228 366 2292 etiam
372 2225 576 2294 Theocritum
591 2227 696 2305 testem
707 2226 877 2309 hebernus,
896 2233 1004 2313 inquo

132 2313 208 2377 dum
225 2309 359 2375 Galatea
371 2310 505 2395 Cyclops
520 2324 676 2378 enumerat
692 2310 809 2376 divitias
825 2313 923 2393 suas,
944 2318 1004 2379 hac

54 2488 56 2491 Ι
133 2400 227 2462 etiam
244 2394 410 2464 interserit:
440 2434 479 2477 p,
520 2418 528 2477 3
574 2461 578 2473 ,
667 2438 672 2477 3
806 2420 810 2427 ·
1046 2435 1047 2506 l

189 2562 246 2645 El?
258 2560 384 2646 glaciasti
398 2582 475 2648 aque
488 2565 574 2641 ,ripas
583 2559 662 2625 mibi
669 2609 680 2642 ,
698 2562 899 2648 quernfflnosae
1046 2511 1048 2530 r

195 2646 370 2727 Nedum
384 2644 948 2770 inpetrauivnerflncn'tnanlai.

123 2806 186 2894 aur,
197 2784 217 2894 ti
233 2786 300 2898 dua
315 2817 391 2881 intra
405 2772 545 2901 sagorum
559 2785 681 2897 truncos
693 2772 997 2897 pluuiis-descendeu-

18 2928 20 2931 ·
132 2901 209 2977 ribus
226 2902 444 2980 relinquuntur.
474 2900 642 2979 ,Atquires
657 2900 686 2978 dr
701 2903 788 2977 locps
804 2920 861 2979 me
872 2919 999 2967 monue-

122 2981 390 3062 .τιιε.,..ι.ι,ιυοᾱ
414 2984 610 3063 diuidimus
632 2986 999 3062 pulcherrimum-untur

120 3079 207 3139 „opus
230 3060 260 3129 dr
282 3066 381 3159 mirati
399 3064 514 3161 fuimus
535 3063 698 3149 maxime„
731 3071 995 3221 mulum&
1043 3091 1044 3104 ι

1038 3354 1043 3444 l
