2134 3492
250 96 633 191 'urAETNn
810 63 904 187 aa
1034 143 1035 184 t

32 224 196 295 Altiffima
209 226 242 291 in
257 226 400 309 specula,
427 227 486 310 qui
508 226 588 311 sylvi
609 226 768 291 deficiente
789 224 911 292 liberior
1034 245 1035 248 ’

32 308 216 394 prospebtus
238 312 270 374 in
293 310 448 390 insulam,
477 310 506 375 ἀ
528 310 725 394 Tyrrhenum
741 327 832 373 -mare
852 312 911 389 eli,

33 396 185 461 herbldus
203 412 328 475 campus
350 397 411 458 leni
435 395 591 459 decumbit
607 398 688 460 clivo
711 410 719 454 :
749 395 832 457 hunc
848 396 911 474 pini
1035 465 1036 472 p

30 498 174 560 procerae
195 479 256 558 pari
277 476 414 541 distantes
431 480 591 542 intervallo
613 476 703 542 duda
716 496 832 541 corona
852 480 912 541 cir·

31 563 232 643 cumsepiunt
253 574 261 621 2
292 562 324 624 in
341 562 444 627 medio
458 562 544 644 sagus
560 560 727 626 denstffima
741 561 911 642 quadrifido

33 649 152 711 robore
168 644 198 708 se
212 647 369 725 attollens,
390 646 494 710 celfior
509 647 602 727 quarn
617 661 738 722 ceterae,
759 647 853 708 veluti
866 664 913 709 re·

32 732 107 813 gina
124 728 191 811 ipsa
205 728 356 813 consurgit
380 747 388 792 :
417 749 453 793 ea
475 747 540 793 non
564 729 661 793 statim
676 728 914 811 discriminatur,
1036 781 1037 786 ,

33 813 87 877 sed
105 813 124 875 a
145 815 253 877 tellure
272 831 323 893 per
345 812 473 894 spatium
488 814 617 877 cubitale
631 832 695 876 uno
707 826 817 876 trunco
836 832 913 876 con·
1036 837 1037 858 a

34 911 123 961 tenta
139 894 212 959 ell:
241 894 312 959 inde
331 894 363 959 se
385 898 417 960 in
439 916 541 961 ramos
563 896 735 962 confimiles
750 898 913 977 aequalibus

35 979 209 1045 intervallis
225 978 389 1061 dispartitur
411 995 419 1041 t
447 978 562 1044 interne
579 980 673 1062 usque
689 979 727 1043 ad
742 981 818 1045 imas
836 982 914 1045 radi·

35 1083 86 1127 ces
102 1066 197 1129 arbor
210 1062 352 1127 deficiens
365 1064 452 1127 undis
467 1066 645 1146 pluvialibus
658 1082 768 1127 urnam
783 1082 819 1127 ex
833 1065 864 1129 se
879 1065 911 1129 se
948 1136 953 1146 ,
978 1138 981 1150 Δ

35 1148 108 1211 facit
131 1166 141 1211 :
171 1148 230 1210 illae
246 1162 396 1211 montano
411 1162 553 1232 purgante
568 1149 660 1222 aifre,
682 1166 719 1210 ac
734 1148 848 1210 umbris
862 1147 912 1212 so·

37 1232 100 1293 lem
118 1231 316 1308 arcentibus,
337 1231 514 1295 &fontanis
530 1231 688 1315 gelidiores
700 1230 784 1307 suut,
805 1230 836 1294 u
856 1249 912 1313 pu·

37 1316 169 1379 tealibus
186 1316 329 1395 puriores.
370 1314 551 1399 Ambigeres
573 1316 613 1378 ibi
635 1330 669 1378 tu
691 1314 834 1395 quidem,
854 1314 912 1381 Pa·

37 1411 98 1474 ter,
122 1400 144 1463 fi
162 1398 235 1479 quid
250 1416 358 1463 eorum
373 1400 425 1477 tibi
441 1398 629 1463 laudandum
641 1397 736 1477 eliet,
763 1399 911 1480 quidnam

38 1481 229 1561 potissimum
243 1482 394 1557 laudares,
417 1488 457 1546 an
471 1480 661 1565 prospeuum
676 1481 741 1562 ejus
761 1485 846 1561 loci,
871 1504 913 1549 an

39 1568 177 1645 locum,
205 1562 273 1631 tum'
287 1584 327 1630 au
341 1568 496 1645 arborem,
518 1586 559 1630 an
572 1566 668 1630 undas
689 1582 698 1627 :
725 1566 767 1629 ita
786 1565 860 1630 scite
878 1570 912 1633 in

41 1652 141 1715 alteris
157 1648 352 1728 decorandis,
372 1650 453 1731 quast
468 1650 593 1731 quidem
601 1648 631 1713 id
639 1662 779 1732 agerent,
799 1652 913 1731 utquid

40 1736 139 1817 magis
155 1735 315 1816 pulchrum
329 1731 416 1814 effet,
437 1736 653 1819 ambigeretur,
672 1730 910 1816 &Hamadtp'ar,

44 1814 172 1882 &Nais
193 1832 402 1883 convenerunt
421 1836 429 1883 :
458 1818 497 1881 in·
509 1816 701 1882 honestandis
720 1814 797 1880 reru
812 1820 912 1883 alteris

43 1900 222 1979 admirabile
236 1902 361 1984 quidem
376 1901 418 1966 eli
431 1945 453 1981 ,t
463 1914 613 1983 quantum
627 1902 725 1985 gratiae
739 1900 918 1965 uenustatls-

43 2000 102 2060 que
117 1986 172 2051 fibi
188 1986 321 2050 invicem
336 1982 462 2051 afferant
475 1984 587 2067 Jupiter
600 1981 727 2060 Genio,
746 1983 777 2047 dt
794 1981 926 2054 Genius,

44 2063 112 2143 Jovi
129 2088 139 2133 ι
167 2088 231 2150 quo
246 2069 297 2147 fit,
317 2082 351 2133 ut
366 2070 398 2135 in
410 2070 541 2151 utrisque
556 2072 690 2134 multum
697 2067 804 2133 Venus
818 2069 914 2137 etlam

43 2152 186 2228 permista
197 2152 347 2219 sentiatur.
511 2155 513 2159 '

229 2317 465 2387 Brennus
517 2320 731 2389 Parere.
859 2350 864 2359 ·

87 2465 121 2531 Ο
138 2470 275 2552 pulchras
283 2470 532 2550 naturaedelitias,
552 2470 703 2535 ueletiam
711 2468 918 2548 Deorum,ut
968 2487 974 2502 ‘

50 2545 149 2619 Poe'ris
159 2558 275 2636 placet,
296 2556 379 2638 siqui
386 2556 471 2635 sunt,
485 2557 618 2637 quicum
625 2567 767 2619 montem
774 2558 893 2619 colant!

223 2718 733 2788 BeuausFrrrus.

92 2862 187 2949 Sunt,
207 2866 317 2949 Pater,
336 2884 377 2955 ¹ut
392 2870 498 2955 ajunt„
521 2834 615 2953 'atque
629 2871 766 2939 incolunt
781 2871 837 2937 illo
852 2871 917 2956 ipso

52 2950 174 3025 quidem
189 2954 221 3017 iu
237 2956 318 3057 loco.

793 3170 921 3238 Brat-
